\begin{sloppypar}
@inproceedings{Triska2016,
  author    = "Markus Triska",
  title     = "The {Boolean} Constraint Solver of {SWI-Prolog}: System Description",
  booktitle = "FLOPS: Functional and Logic Programming. 13th International Symposium",
  series    = "LNCS",
  volume    = 9613,
  year      = 2016,
  pages     = "45--61"
}

@inproceedings{Tubella1994,
  author="Jordi Tubella and Antonio Gonz{\'a}lez",
  title="Combining depth-first and breadth-first search in Prolog execution",
  booktitle="GULP-PRODE",
  year="1994",
  pages="452-453"
}

@misc{Barták1998,
    author    = "Roman Bartak",
    title     = "Meta-Interpreters. in \textit{Online Prolog Programming}",
    hhowpublished = "\url{http://kti.ms.mff.cuni.cz/~bartak/prolog/meta\_interpret.html}",
    year     = "1998"
 }


@misc{berger2004,
    author = "Shai Berger",
    title  = "PYTHOLOGIC - PROLOG SYNTAX IN PYTHON (PYTHON RECIPE)",
    howpublished = "\url{http://code.activestate.com/recipes/}",
    note     = "303057-pythologic-prolog-syntax-in-python/"
}

@misc{Bolz2007,
    author    = "Carl Friedrich Bolz",
    title     = "A Prolog Interpreter in Python.",
    year     = "2007"
}

@misc{Cesar2019,
    author    = "Bruno Kim Medeiros Cesar",
    title     = "Prol: a minimal, inefficient Prolog interpreter in a few LOCs of Python",
    howpublished = "\url{https://gist.github.com/brunokim/}",
    year = "2019"
}

@misc{Delford2009,
    author    = "Christophe Delord",
    title     = "PyLog",
    year     = "2009"
}

@misc{Frederiksen2011,
    author    = "Bruce Frederiksen",
    title     = "Pyke",
    year     = "2011"
}

@inbook{Kopec2019,
	author	= "David Kopec",
	editor	= " ",
	title	= "Classic Computer Science Problems in Python",
	chapter	= "3 Constraint-satisfaction problems",
	pages	= "248 - 430",
	publisher= "Manning",
	year	= "2019"
}

@misc{Maxime2016,
    author    = "Istasse Maxime",
    title     = "Prology: Logic programming for Python3",
    howpublished = "\url{https://github.com/mistasse/Prology}",
    year     = "2016"
}

@misc{Meyers2015,
    author    = "Chris Meyers",
    title     = "Prolog in Python",
    howpublished = "\url{http://www.openbookproject.net/py4fun/prolog/prolog1.html}",
    year     = "2015"
}

@misc{Miljkovic2019,
    author    = "Nikola Miljkovic",
    title     = "Python Prolog Interpreter",
    howpublished = "\url{https://github.com/photonlines/Python-Prolog-Interpreter}{Python Prolog Interpreter}",
    year     = "2019"
}

@misc{Niemeyer2019,
    author    = "Gustavo Niemeyer and Sébastien Celles",
    title     = "python-constraint library. Pypi page: python-constraint",
    note     = "Also discussed in Popović, Olivera (2019) Constraint Programming with python-constraint",
    year     = "2019"
}

@misc{Piumarta2017,
    author    = "Ian Piumarta",
    title     = "Lecture notes and slides from weeks 5-7 of a course on programming paradigms",
    howpublished = "\url{http://www.ritsumei.ac.jp/~piumarta/pl/}",
    year     = "2017"
}

@misc{Raturi2019,
    author    = "Gaurav Raturi",
    title     = "5 Best Programming Languages to choose for Developing Innovative AI Solutions, \textit{Becoming Human}",
    year     = "2019"
}

@misc{Rocklin2019,
    author    = "Matthew Rocklin",
    title     = "Kanren: Logic Programming in Python",
    year     = "2019"
}

@misc{Sagar2019,
    author    = "Paresh Sagar",
    title     = "Powerful Programming Languages to Code your AI Application. \textit{medium.com}",
    year     = "2019"
}

@misc{Santini2018,
    author    = "Claudio Santini",
    title     = "Pampy: The Pattern Matching for Python you always dreamed of",
    year     = "2018"
}

@misc{Thompson2017,
    author    = "Jeff Thompson",
    title     = "Yield Prolog",
    year     = "2017"
}

@misc{Triska2019,
    author    = "Markus Triska",
    title     = "The Power of Prolog",
    year     = "2019"
}

\end{sloppypar}
